@misc{xilinxSynthesis,
	title = {XST Synthesis Overview},
	note = {Available at: \url{http://www.xilinx.com/support/documentation/sw_manuals/xilinx11/ise_c_using_xst_for_synthesis.htm}},
	year = 2016,
}
@manual{7SeriesCLBManual,
	title={7 Series FPGAs Configurable Logic Block},
	organization={Xilinx},
	edition={v1.7},
	month={November},
	year={2014}
}
@manual{7SeriesConfiguration,
	title={7 Series FPGAs Configuration},
	organization={Xilinx},
	edition={v1.10},
	month={June},
	year={2015}
}
@manual{xilinxReadbackUltraScale,
	title={Configuration Readback Capture in UltraScale FPGAs},
	organization={Xilinx},
	edition={v1.1},
	month={November},
	year={2015}
}
@manual{xilinxSpartan3Manual,
	title={Spartan-3 Generation FPGA User Guide},
	organization={Xilinx},
	edition={v1.8},
	month={June},
	year={2011}
}
@manual{xilinxSpartan3AdvancedConfig,
	title={Spartan-3 FPGA Family Advanced Configuration Architecture},
	organization={Xilinx},
	edition={v1.1},
	month={June},
	year={2008}
}
@manual{xilinxReadbackSpartan3E,
	title={Spartan-3 Generation Configuration User Guide},
	organization={Xilinx},
	edition={v1.7},
	month={January},
	year={2015}
}
@phdthesis{SamerDissertation,
	author       = {Samer Moein}, 
	title        = {Systematic Analysis and Methodologies for Hardware Security},
	school       = {University of Victoria},
	year         = 2015,
	address      = {3800 Finnerty Rd, Victoria, BC V8P 5C2},
}
@article{readbackFunctionalTest,
	author  = {A.~Ruan, B.~Jie, L.~Wan, J.~Yang, C.~Xiang, Z.~Zhu, Y.~Wang},
	title   = {A bitstream readback-based automatic functional test and diagnosis method for Xilinx FPGAs},
	journal = {Microelectronics Reliability, Elsevier},
	year    = 2014,
	pages   = {1627--1635}
}

@mastersthesis{cMorford,
	author    = "Casey J Morford",
	title     = "BitMaT - Bitstream Manipulation Tool for Xilinx FPGAs",
	school    = "Virginia Polytechnic Institute and State University",
	%type     = "Thesis: Masters of Science in Computer Engineering",
	year      = "2005",
	%month    = "December"
}

@Misc{windowsAPI,
	author =   {Microsoft},
	title =    {Windows Application Programming Interface},
	howpublished = {\url{https://msdn.microsoft.com/en-ca/library/windows/desktop/ff818516(v=vs.85).aspx}},
	year = {1988--Current}
}

@Misc{boostLibrary,
	author =   {Open-Source},
	title =    {Boost C++ Library v1.61.0},
	howpublished = {\url{http://www.boost.org/}},
	year = {2006--Current}
}
@Misc{QT,
	author =   {Digia and Open-Source},
	title =    {QT Application Framework},
	howpublished = {\url{https://www.qt.io/}},
	year = {1991--Current}
}