@article{meCategorization,
	author  = {N.~Houghton and S.~Moein and F.~Gebali and T.~A.~Gulliver}, 
	title   = {An Automated Web Tool for Hardware Trojan Classification},
	journal = {The 14th International Conference on Embedded Systems, Cyber-physical Systems, and Applications},
	year    = 2016,
	month   = 7
}

@misc{java,
	author =   {J.~Gosling, M.~Sheridan, and P.~Naughton},
	title =    {Java},
	howpublished = {\url{https://www.java.com/en/}},
	year = {1996}
}

@misc{swing,
	author =   {Netscape Communications Corporation},
	title =    {Java Swing API},
	howpublished = {\url{http://docs.oracle.com/javase/7/docs/technotes/guides/swing/}},
	year = {1996}
}

@phdthesis{samerDissertation,
	author       = {S.~Moein}, 
	title        = {Systematic Analysis and Methodologies for Hardware Security},
	school       = {University of Victoria},
	year         = 2015,
	address      = {3800 Finnerty Rd, Victoria, BC, Canada V8P 5C2},
	month        = 8
}

@INPROCEEDINGS{multiFacetedApproach, 
	author={M.~Patterson and A.~Mills and R.~Scheel and J.~Tillman and E.~Dye and J.~Zambreno}, 
	booktitle={VLSI Test Symposium (VTS), 2013 IEEE 31st}, 
	title={A multi-faceted approach to FPGA-based Trojan circuit detection}, 
	year={2013}, 
	pages={1-4}, 
	keywords={embedded systems;field programmable gate arrays;integrated circuit testing;invasive software;CSAW embedded systems challenge;FPGA-based trojan circuit detection;bitfile direct analysis;functional testing;multifaceted approach;power analysis;Combinational circuits;Correlation;Field programmable gate arrays;Hardware;Reliability;Testing;Trojan horses}, 
	doi={10.1109/VTS.2013.6548925}, 
	ISSN={1093-0167}, 
	month={April},
}

@INPROCEEDINGS{bitStreamToNetlist, 
	author={J.B.~Note and E.~Rannaud}, 
	booktitle={The International Symposium on Field Programmable Gate Arrays (FPGA)}, 
	title={From the bitstream to the netlist}, 
	year={2008}
}
	
@INPROCEEDINGS{ringOscillatorMethod, 
	author={P.~Kitsos and A.~G.~Voyiatzis}, 
	booktitle={Digital System Design (DSD), 2014 17th Euromicro Conference on}, 
	title={FPGA Trojan Detection Using Length-Optimized Ring Oscillators}, 
	year={2014}, 
	pages={675-678}, 
	keywords={application specific integrated circuits;circuit optimisation;field programmable gate arrays;invasive software;logic design;oscillators;ASIC;FPGA Trojan detection;FPGA systems;RO length;field programmable gate arrays;hardware Trojan horses;length-optimized ring oscillators;malicious hardware functionality;malicious logic;power profile;Ciphers;Conferences;Field programmable gate arrays;Hardware;Ring oscillators;Table lookup;Trojan horses;FPGA;Trojan detection;hardware Trojan horse;ring oscillators;security}, 
	doi={10.1109/DSD.2014.74}, 
	month={Aug},
}

@INPROCEEDINGS{crcDetection, 
	author={A.~Al-Anwar and Y.~Alkabani and M.~W.~El-Kharashi and H.~Bedour}, 
	booktitle={IEEE Pacific Rim Conference on Communications, Computers and Signal Processing (PACRIM)}, 
	title={Hardware Trojan Detection Methodology for FPGA}, 
	year={2013}, 
	pages={177-182}, 
	keywords={field programmable gate arrays;invasive software;CRC Trojan detection schema;FPGA;golden chip;hardware Trojan detection methodology;horizontal silicon industry business model;infected IP;multiplexing reconfigurable IP;security properties;Delays;Detectors;Field programmable gate arrays;Hardware;IP networks;Multiplexing;Trojan horses}, 
	doi={10.1109/PACRIM.2013.6625470}, 
	ISSN={1555-5798}, 
	month={Aug},
}
	
@manual{xilnxDevManual,
	title={Development System Reference Guide},
	organization={Xilinx},
	edition={v10.1},
	month={Jan},
	year={2008}	
}

@manual{virtex5ConfigGuide,
	title={Virtex-5 FPGA Configuration User	Guide},
	organization={Xilinx},
	edition={v3.11},
	month={Oct},
	year={2012}
}

@INPROCEEDINGS{iscas85, 
	author={F.~Brglez and D.~Bryan and K.~Kozminski}, 
	booktitle={IEEE International Symposium on Circuits and Systems}, 
	title={Combinational profiles of sequential benchmark circuits}, 
	year={1989}, 
	month={May}, 
	pages={1929-1934 vol.3}, 
	keywords={flip-flops;logic testing;sequential circuits;D-type flip-flops;asynchronous behavior;digital sequential circuits;full-scan-mode configuration;gate level;interior faults;partial scan techniques;scan-based test generation;sequential benchmark circuits;sequential test generation;standard functional model;testability profile;Automatic test pattern generation;Benchmark testing;Circuit faults;Circuit synthesis;Circuit testing;Combinational circuits;Computational modeling;Flip-flops;Sequential analysis;Test pattern generators}, 
	doi={10.1109/ISCAS.1989.100747},
}
	
@INPROCEEDINGS{rapidSmith, 
	author={C.~Lavin and M.~Padilla and J.~Lamprecht and P.~Lundrigan and B.~Nelson and B.~Hutchings}, 
	booktitle={21st International Conference on Field Programmable Logic and Applications}, 
	title={RapidSmith: Do-It-Yourself CAD Tools for Xilinx FPGAs}, 
	year={2011}, 
	pages={349-355}, 
	keywords={CAD;electronic engineering computing;field programmable gate arrays;API;CAD Tools;XDL;Xilinx FPGA;Xilinx design language;commercial architectures;hypothetical architectures;Data structures;Databases;Design automation;Field programmable gate arrays;Routing;Tiles;Wires;CAD Tools;FPGA;Open Source;Placer;Rapid Prototyping;RapidSmith;Router;XDL;Xilinx}, 
	doi={10.1109/FPL.2011.69}, 
	ISSN={1946-147X}, 
	month={Sept},
}

@INPROCEEDINGS{taxonomy1, 
	author={F.~Wolff and C.~Papachristou and S.~Bhunia and R.~S.~Chakraborty}, 
	booktitle={Design, Automation and Test in Europe}, 
	title={Towards Trojan-Free Trusted ICs: Problem Analysis and Detection Scheme}, 
	year={2008}, 
	pages={1362-1365}, 
	keywords={integrated circuit manufacture;invasive software;semiconductor device manufacture;chip manufacturing processes;detection scheme;microchips security;problem analysis;trojan detection;Aerospace electronics;Circuits;Communication industry;Costs;Hardware;Invasive software;Manufacturing processes;Military communication;Outsourcing;Security}, 
	doi={10.1109/DATE.2008.4484928}, 
	ISSN={1530-1591}, 
	month={March},
}
	
@INPROCEEDINGS{taxonomy2, 
	author={R.~M.~Rad and X.~Wang and M.~Tehranipoor and J.~Plusquellic}, 
	booktitle={IEEE/ACM International Conference on Computer-Aided Design}, 
	title={Power supply signal calibration techniques for improving detection resolution to hardware Trojans}, 
	year={2008}, 
	pages={632-639}, 
	keywords={invasive software;power supply circuits;Trojan classification taxonomy;chip design;detection resolution;hardware Trojans;power supply signal calibration;power supply transient signals;process environment variation;test environment variation;Calibration;Chip scale packaging;Fabrication;Globalization;Hardware;Power supplies;Signal analysis;Signal resolution;Taxonomy;Weapons}, 
	doi={10.1109/ICCAD.2008.4681643}, 
	ISSN={1092-3152}, 
	month={Nov},
}

@ARTICLE{taxonomy3, 
	author={R.~Karri and J.~Rajendran and K.~Rosenfeld and M.~Tehranipoor}, 
	journal={Computer}, 
	title={Trustworthy Hardware: Identifying and Classifying Hardware Trojans}, 
	year={2010}, 
	volume={43}, 
	number={10}, 
	pages={39-46}, 
	keywords={invasive software;critical systems;hardware Trojan taxonomy;trustworthy hardware;Hardware;Security;Trojan horses;Design and test;Hardware Trojans;Hardware security and trust;Security and privacy}, 
	doi={10.1109/MC.2010.299}, 
	ISSN={0018-9162}, 
	month={Oct},
}

@INPROCEEDINGS{taxonomy4, 
	author={X.~Wang and M.~Tehranipoor and J.~Plusquellic}, 
	booktitle={IEEE International Workshop on Hardware-Oriented Security and Trust}, 
	title={Detecting malicious inclusions in secure hardware: Challenges and solutions}, 
	year={2008}, 
	pages={15-19}, 
	keywords={integrated circuit reliability;microprocessor chips;security of data;IC fabrication;catastrophic failure;functional changes;hardware Trojans;integrated circuits security;low-cost foundries;malicious alterations;malicious inclusions detecting;secure hardware;Cryptography;Degradation;Design methodology;Fabrication;Foundries;Hardware;Information security;Safety;Signal design;Taxonomy}, 
	doi={10.1109/HST.2008.4559039}, 
	month={June},
}

@ARTICLE{samerAttribute, 
	author={S.~Moein and T.~A. Gulliver and F.~Gebali and A.~Alkandari}, 
	journal={IEEE Access}, 
	title={A New Characterization of Hardware Trojans}, 
	year={2016}, 
	volume={4}, 
	pages={2721--2731}, 
}

@INPROCEEDINGS{trustHubPaper, 
	author={H.~Salmani and M.~Tehranipoor and R.~Karri}, 
	booktitle={2013 IEEE 31st International Conference on Computer Design (ICCD)}, 
	title={On design vulnerability analysis and trust benchmarks development}, 
	year={2013}, 
	pages={471-474}, 
	keywords={invasive software;trusted computing;Trojan activation quantification;Trojan detectability metric;Trojan detection;Trojan effect quantification;Trojan prevention;design vulnerability analysis;extensive functional test analysis;hardware security;production test;strength analysis;trust benchmark development;vulnerability analysis flow;weakness analysis;Benchmark testing;Capacitance;Delays;Hardware;Logic gates;Trojan horses}, 
	doi={10.1109/ICCD.2013.6657085}, 
	ISSN={1063-6404}, 
	month={Oct},
}

@misc{trusthubWebsite,
	title = {Trust-Hub.org},
	howpublished = {http://trust-hub.org/},
	note = {Accessed: 2016-10-24},
}