@article{SamerDetection,
	author = {Samer Moein, Jayaram Subramnian, T. Aaron Gulliver, Fayez Gebali, and M. Watheq El-Kharashi.},
	title = {Classification of Hardware Trojan Detection Techniques.},
	journal = {IEEE International Conference on Computer Engineering and Systems},
	Year =  2015
}

@article{SamerClassification,
	author = {Samer Moein, Salman Khan, T. Aaron Gulliver, Fayez Gebali, and M. Watheq El-Kharashi},
	title = {An Attribute Based Classification of Hardware Trojans},
	journal = {IEEE International Conference on Computer Engineering and Systems},
	Year =  2015
}
@phdthesis{SamerDissertation,
	author       = {Samer Moein}, 
	title        = {Systematic Analysis and Methodologies for Hardware Security},
	school       = {University of Victoria},
	year         = 2015,
	address      = {3800 Finnerty Rd, Victoria, BC V8P 5C2},
}
@article{meCategorization,
	author  = {N.~Houghton, S.~Moein, F.~Gebali}, 
	title   = {A Web Tool for the Automation of Hardware Trojan Classification},
	journal = {IEEE International Symposium on Circuits and Systems, submitted},
	year    = 2015,
}
@article{detectionMethod1,
	author  = {M. Potkonjak, A. Nahapetian, M. Nelson, and T. Massey}, 
	title   = {Hardware trojan	horse detection using gate-level characterization},
	journal = {Proc. IEEE/ACM Design Automation Conf.},
	year    = 2009,
	pages   = {688-693},
}
@article{detectionMethod2,
	author  = {S. Narasimhan, D. Du, R. Chakaraborty, S. Paul, F. Wolff, C.Papachristou, K. Roy, and S. Bhunia }, 
	title   = {Hardware trojan detection by multiple-parameter sidechannel analysis},
	journal = {IEEE Trans. Comput.},
	year    = 2013,
	number  = 11,
	pages   = {2183-2195},
	note    = {An optional note}, 
	volume  = 62
}
@Misc{ASP,
	author={Microsoft},
	year= 2002,
	title={ASP.NET Framework [Computer Software]}
}
@Misc{Entity,
	author={Microsoft},
	year= 2008,
	title={Entity Framework [Computer Software]}
}
@Misc{D3,
	author={M. Bostock},
	title={D3.js v 3.5.6 [Computer Software]},
	year= 2011
}