@article{meCategorization,
	author  = {N.~Houghton and S.~Moein and F.~Gebali and T.~A.~Gulliver}, 
	title   = {An Automated Web Tool for Hardware Trojan Classification},
	journal = {The 14th International Conference on Embedded Systems, Cyber-physical Systems, and Applications},
	year    = 2016,
	month   = 7
}

@misc{java,
	author =   {J.~Gosling and M.~Sheridan, and P.~Naughton},
	title =    {Java},
	howpublished = {\url{https://www.java.com/en/}},
	year = {1996}
}

@misc{swing,
	author =   {Netscape Communications Corporation},
	title =    {Java Swing API},
	howpublished = {\url{http://docs.oracle.com/javase/7/docs/technotes/guides/swing/}},
	year = {1996}
}

@phdthesis{samerDissertation,
	author       = {S.~Moein}, 
	title        = {Systematic Analysis and Methodologies for Hardware Security},
	school       = {University of Victoria},
	year         = 2015
}

@INPROCEEDINGS{multiFacetedApproach, 
	author={M.~Patterson and A.~Mills and R.~Scheel and J.~Tillman and E.~Dye and J.~Zambreno}, 
	booktitle={VLSI Test Symposium (VTS), 2013 IEEE 31st}, 
	title={A multi-faceted approach to FPGA-based Trojan circuit detection}, 
	year={2013}, 
	pages={1--4},  
	month={April},
}

@INPROCEEDINGS{bitStreamToNetlist, 
	author={J.B.~Note and E.~Rannaud}, 
	booktitle={The International Symposium on Field Programmable Gate Arrays (FPGA)}, 
	title={From the bitstream to the netlist}, 
	year={2008}
}

@INPROCEEDINGS{ringOscillatorMethod, 
	author={P.~Kitsos and A.~G.~Voyiatzis}, 
	booktitle={Digital System Design (DSD), 2014 17th Euromicro Conference on}, 
	title={FPGA Trojan Detection Using Length-Optimized Ring Oscillators}, 
	year={2014}, 
	pages={675--678}
}

@INPROCEEDINGS{crcDetection, 
	author={A.~Al-Anwar and Y.~Alkabani and M.~W.~El-Kharashi and H.~Bedour}, 
	booktitle={IEEE Pacific Rim Conference on Communications, Computers and Signal Processing (PACRIM)}, 
	title={Hardware Trojan Detection Methodology for FPGA}, 
	year={2013}, 
	pages={177--182}
}

@manual{xilnxDevManual,
	title={Development System Reference Guide},
	organization={Xilinx},
	edition={v10.1},
	month={Jan},
	year={2008}	
}

@manual{virtex5ConfigGuide,
	title={Virtex-5 FPGA Configuration User	Guide},
	organization={Xilinx},
	edition={v3.11},
	month={Oct},
	year={2012}
}

@INPROCEEDINGS{iscas85, 
	author={F.~Brglez and D.~Bryan and K.~Kozminski}, 
	booktitle={IEEE International Symposium on Circuits and Systems}, 
	title={Combinational profiles of sequential benchmark circuits}, 
	year={1989},
	pages={1929--1934}, 
}

@INPROCEEDINGS{rapidSmith, 
	author={C.~Lavin and M.~Padilla and J.~Lamprecht and P.~Lundrigan and B.~Nelson and B.~Hutchings}, 
	booktitle={21st International Conference on Field Programmable Logic and Applications}, 
	title={RapidSmith: Do-It-Yourself CAD Tools for Xilinx FPGAs}, 
	year={2011}, 
	pages={349--355}
}

@INPROCEEDINGS{taxonomy1, 
	author={F.~Wolff and C.~Papachristou and S.~Bhunia and R.~S.~Chakraborty}, 
	booktitle={Design, Automation and Test in Europe}, 
	title={Towards Trojan-Free Trusted ICs: Problem Analysis and Detection Scheme}, 
	year={2008}, 
	pages={1362--1365}
}

@INPROCEEDINGS{taxonomy2, 
	author={R.~M.~Rad and X.~Wang and M.~Tehranipoor and J.~Plusquellic}, 
	booktitle={IEEE/ACM International Conference on Computer-Aided Design}, 
	title={Power supply signal calibration techniques for improving detection resolution to hardware Trojans}, 
	year={2008}, 
	pages={632--639}
}

@ARTICLE{taxonomy3, 
	author={R.~Karri and J.~Rajendran and K.~Rosenfeld and M.~Tehranipoor}, 
	journal={Computer}, 
	title={Trustworthy Hardware: Identifying and Classifying Hardware Trojans}, 
	year={2010}, 
	volume={43}, 
	number={10}, 
	pages={39--46}
}

@INPROCEEDINGS{taxonomy4, 
	author={X.~Wang and M.~Tehranipoor and J.~Plusquellic}, 
	booktitle={IEEE International Workshop on Hardware-Oriented Security and Trust}, 
	title={Detecting malicious inclusions in secure hardware: Challenges and solutions}, 
	year={2008}, 
	pages={15--19}
}

@ARTICLE{samerAttribute, 
	author={S.~Moein and T.~A. Gulliver and F.~Gebali and A.~Alkandari}, 
	journal={IEEE Access}, 
	title={A New Characterization of Hardware Trojans}, 
	year={2016}, 
	volume={4}, 
	pages={2721--2731}, 
}

@INPROCEEDINGS{trustHubPaper, 
	author={H.~Salmani and M.~Tehranipoor and R.~Karri}, 
	booktitle={2013 IEEE 31st International Conference on Computer Design (ICCD)}, 
	title={On design vulnerability analysis and trust benchmarks development}, 
	year={2013}, 
	pages={471--474}
}

@misc{trusthubWebsite,
	title = {Trust-Hub.org},
	howpublished = {http://trust-hub.org/},
	note = {Accessed: 2016-10-24},
}