@book{searchForTrojanWar,
	author    = {M.~Wood}, 
	title     = {In search of the Trojan war},
	publisher = {The British Broadcasting Corporation},
	year      = 1998,
	edition   = 1,
	isbn      = {978-0-520-21599-3}
}
@misc{stoppingHTsIEEESpectrum,
	author       = {S.~Mitra,~H.~S.~P.~Wong and S.~Wong}, 
	title        = {Stopping Hardware Trojans in Their Tracks},
	howpublished = {IEEE Spectrum: Technology, Engineering, and Science News},
	month        = 1,
	year         = 2015,
	note         = {url: http://spectrum.ieee.org/semiconductors/design/stopping-hardware-trojans-in-their-tracks}
}
@misc{counterfeitIEEESpectrum,
	author       = {C.~Gorman}, 
	title        = {Counterfeit Chips on the Rise},
	howpublished = {IEEE Spectrum: Technology, Engineering, and Science News},
	month        = 5,
	year         = 2012,
	note         = {url: http://spectrum.ieee.org/computing/hardware/counterfeit-chips-on-the-rise}
}
@mastersthesis{mastersthesis,
	author       = {C.~J~Morford}, 
	title        = {BitMaT - Bitstream Manipulation Tool for Xilinx FPGAs},
	school       = {Virginia Polytechnic Institute and State University},
	year         = 2005,
	address      = {Bradley Department of Electrical and Computer Engineering, Blacksburg, Virginia},
	month        = 12
}
@article{meCategorization,
	author  = {N.~Houghton and S.~Moein and F.~Gebali and T.~A.~Gulliver}, 
	title   = {An Automated Web Tool for Hardware Trojan Classification},
	journal = {ESC'16},
	year    = 2015,
	number  = 2,
	month   = 7
}

@Misc{Azure,
	author =   {Microsoft},
	title =    {Azure Cloud System [Computer Software]},
	howpublished = {\url{ azure.microsoft.com}},
	year = {2010}
}
@Misc{ASP,
	author =   {Microsoft},
	title =    {ASP.NET 4.5 [Computer Software]},
	howpublished = {\url{http://www.asp.net/}},
	year = {2002}
}
@Misc{Entity,
	author =   {Microsoft},
	title =    {Entity Framework},
	howpublished = {\url{https://msdn.microsoft.com/en-ca/data/ef.aspx}},
	year = {2008}
}
@Misc{D3,
	author =   {M~Bostock},
	title =    {Data Driven Documents (D3) v3.5.6},
	howpublished = {\url{https://d3js.org/}},
	year = {2015}
}
@misc{java,
	author =   {J~Gosling, M~Sheridan, and P~Naughton},
	title =    {Java},
	howpublished = {\url{https://www.java.com/en/}},
	year = {1996}
}
@misc{swing,
	author =   {Netscape Communications Corporation},
	title =    {Java Swing API},
	howpublished = {\url{http://docs.oracle.com/javase/7/docs/technotes/guides/swing/}},
	year = {1996}
}
@INPROCEEDINGS{method1, 
	author={M.~Potkonjak, A.~Nahapetian, M.~Nelson and T.~Massey}, 
	booktitle={Design Automation Conference, 2009. DAC '09. 46th ACM/IEEE}, 
	title={Hardware Trojan horse detection using gate-level characterization}, 
	year={2009}, 
	pages={688-693}, 
	keywords={integrated circuits;invasive software;linear programming;logic gates;power aware computing;gate level characterization;hardware Trojan horse detection;hardware specification;linear programming;nondestructive power measurements;Application software;Data privacy;Data security;Foundries;Hardware;Invasive software;Manufacturing;Research and development;Software libraries;Testing;Hardware Trojan horses;gate-level characterization;linear programming;manufacturing variability}, 
	doi={10.1145/1629911.1630091}, 
	ISSN={0738-100X}, 
	month={July},}
@ARTICLE{method2, 
	author={S.~Narasimhan and D.~Du and R.~S.~Chakraborty and S.~Paul and F.~G.~Wolff and C.~A.~Papachristou and K.~Roy and S.~Bhunia}, 
	journal={IEEE Transactions on Computers}, 
	title={Hardware Trojan Detection by Multiple-Parameter Side-Channel Analysis}, 
	year={2013}, 
	volume={62}, 
	number={11}, 
	pages={2183-2195}, 
	keywords={cryptography;logic testing;AES cipher;Trojan circuit;advanced encryption standard;detection sensitivity;hardware Trojan detection;integer execution unit;logic testing approach;multiple-parameter side-channel analysis;nanometer technology;security threat;vector generation approach;Hardware;Integrated circuits;Logic testing;Noise;Payloads;Sensitivity;Trojan horses;Hardware security;hardware Trojan attack;logic testing;side-channel analysis}, 
	doi={10.1109/TC.2012.200}, 
	ISSN={0018-9340}, 
	month={Nov},}
@phdthesis{samerDissertation,
	author       = {S.~Moein}, 
	title        = {Systematic Analysis and Methodologies for Hardware Security},
	school       = {University of Victoria},
	year         = 2015,
	address      = {3800 Finnerty Rd, Victoria, BC, Canada V8P 5C2},
	month        = 8
}
@INPROCEEDINGS{kSubset, 
	author={N.~Lesperance and S.~Kulkarni and K.~Cheng}, 
	booktitle={The 20th Asia and South Pacific Design Automation Conference}, 
	title={Hardware Trojan detection using exhaustive testing of k-bit subspaces}, 
	year={2015}, 
	pages={755-760}, 
	keywords={cryptography;integrated circuit design;security;AES design;controllability metrics;cryptographic hardware;design modifications;exhaustive testing;k-bit subspaces;malicious circuitry;observability metrics;plaintext bits;post-silicon hardware trojan detection;verification effort;Equations;Hardware;Logic gates;Observability;Testing;Trojan horses;Vectors}, 
	doi={10.1109/ASPDAC.2015.7059101}, 
	ISSN={2153-6961}, 
	month={Jan},}
@INPROCEEDINGS{monteCarloTestPattern, 
	author={X.~Mingfu and H.~Aiqun and H.~Yi and L.~Guyue}, 
	booktitle={Dependable, Autonomic and Secure Computing (DASC), 2013 IEEE 11th International Conference on}, 
	title={Monte Carlo Based Test Pattern Generation for Hardware Trojan Detection}, 
	year={2013}, 
	pages={131-136}, 
	keywords={Monte Carlo methods;automatic test pattern generation;invasive software;HT detection technique;Monte Carlo technique;hardware Trojan detection;hardware security;information security;security threat;test pattern generation;Accuracy;Hardware;Integrated circuit modeling;Monte Carlo methods;Trojan horses;Vectors;Monte Carlo technique;hardware Trojan detection;hardware security;information security;test pattern generation}, 
	doi={10.1109/DASC.2013.50}, 
	month={Dec},}
@INPROCEEDINGS{towardsDetectionMethodology, 
	author={P.~Kitsos and A.~G.~Voyiatzis}, 
	booktitle={2014 3rd Mediterranean Conference on Embedded Computing (MECO)}, 
	title={Towards a hardware Trojan detection methodology}, 
	year={2014}, 
	pages={18-23}, 
	keywords={Delays;Hardware;Integrated circuit modeling;Power demand;Trojan horses;Vectors;detection techniques;integrated circuits;security hardware Trojans horses;trusted hardware}, 
	doi={10.1109/MECO.2014.6862687}, 
	ISSN={2377-5475}, 
	month={June},}
@INPROCEEDINGS{sideChannelObfuscation, 
	author={A.~Nejat and D.~Hely and V.~Beroulle}, 
	booktitle={2015 10th International Design Test Symposium (IDT)}, 
	title={Facilitating side channel analysis by obfuscation for Hardware Trojan detection}, 
	year={2015}, 
	pages={129-134}, 
	keywords={copy protection;cryptography;integrated circuit design;integrated circuit reliability;integrated circuit testing;invasive software;IC piracy;delay analysis;environment variation;hardware Trojan detection;integrated circuit piracy;obfuscation methods;process variation;side channel analysis;Delays;Foundries;Handheld computers;Hardware;Integrated circuits;Logic gates;Trojan horses;Design obfuscation;HT detection based on Path delay analysis;HT detection based on power analysis;design for hardware trust;hardware security}, 
	doi={10.1109/IDT.2015.7396749}, 
	month={Dec},}
@INPROCEEDINGS{postLayout, 
	author={S.~K.~Rao and D.~Krishnankutty and R.~Robucci and N.~Banerjee and C.~Patel}, 
	booktitle={Hardware Oriented Security and Trust (HOST), 2015 IEEE International Symposium on}, 
	title={Post-layout estimation of side-channel power supply signatures}, 
	year={2015}, 
	pages={92-95}, 
	keywords={cryptography;estimation theory;integrated circuit layout;logic testing;power consumption;power supply circuits;security;DES cryptosystem;DPA;DfS;IC;SPICE simulation;anomaly detection;cipher-text;design-for-security;differential power analysis;encryption core;hardware trojan;integrated circuit;logic operation;malicious hardware insertion;plaintext;post-layout estimation;power consumption correlation;power supply measurement;power supply tracing;practical attack;prefabrication power consumption prediction;side-channel based attack;side-channel power supply signature estimation;Correlation;Hardware;Integrated circuits;Power supplies;SPICE;Security;Transient analysis;Hardware Security;Power Supply analysis;Side-channel attacks;Trojan Detection}, 
	doi={10.1109/HST.2015.7140244}, 
	month={May},}
@INPROCEEDINGS{controllableSleepTransistors, 
	author={N.~B.~Gunti and K.~Lingasubramanian}, 
	booktitle={SoutheastCon 2015}, 
	title={Efficient static power based side channel analysis for Hardware Trojan detection using controllable sleep transistors}, 
	year={2015}, 
	pages={1-6}, 
	keywords={invasive software;HT detection methodology;IC;controllable sleep transistors;detection sensitivity;dynamic power;fabrication process;financial sectors;hardware Trojan detection;integrated circuits;military sectors;power based control;semiconductor design;static power based side channel analysis;Delays;Integrated circuit modeling;Logic gates;Sensitivity;Switching circuits;Transistors;Trojan horses;Hardware Security;Hardware Trojan;Power Gating;sleep transistors;static power}, 
	doi={10.1109/SECON.2015.7132948}, 
	ISSN={1091-0050}, 
	month={April},}
@INPROCEEDINGS{pcaAlgorithm, 
	author={C.~He and B.~Hou and L.~Wang and Y.~En and S.~Xie}, 
	booktitle={Reliability, Maintainability and Safety (ICRMS), 2014 International Conference on}, 
	title={A novel hardware Trojan detection method based on side-channel analysis and PCA algorithm}, 
	year={2014}, 
	pages={1043-1046}, 
	keywords={cryptography;field programmable gate arrays;invasive software;logic design;principal component analysis;18-bit CORDIC IP core;LabVIEW software;PCA algorithm;Trojan circuit;Xilinx FPGA;automatic test platform;data processing algorithm;detection sensitivity;hardware Trojan detection method;high precision oscilloscope;logic test;principal component analysis approach;side-channel analysis;side-channel test;Data processing;Field programmable gate arrays;Hardware;Logic testing;Principal component analysis;Sensitivity;Trojan horses;Hardware Trojan;logic test;principal component analysis;side-channel analysis}, 
	doi={10.1109/ICRMS.2014.7107362}, 
	month={Aug},}


@INPROCEEDINGS{multiFacetedApproach, 
	author={M.~Patterson and A.~Mills and R.~Scheel and J.~Tillman and E.~Dye and J.~Zambreno}, 
	booktitle={VLSI Test Symposium (VTS), 2013 IEEE 31st}, 
	title={A multi-faceted approach to FPGA-based Trojan circuit detection}, 
	year={2013}, 
	pages={1-4}, 
	keywords={embedded systems;field programmable gate arrays;integrated circuit testing;invasive software;CSAW embedded systems challenge;FPGA-based trojan circuit detection;bitfile direct analysis;functional testing;multifaceted approach;power analysis;Combinational circuits;Correlation;Field programmable gate arrays;Hardware;Reliability;Testing;Trojan horses}, 
	doi={10.1109/VTS.2013.6548925}, 
	ISSN={1093-0167}, 
	month={April},}
@INPROCEEDINGS{bitstreamManipulationLibrary, 
	author={A.~Megacz}, 
	booktitle={15th Annual IEEE Symposium on Field-Programmable Custom Computing Machines (FCCM 2007)}, 
	title={A Library and Platform for FPGA Bitstream Manipulation}, 
	year={2007}, 
	pages={45-54}, 
	keywords={Java;electronic engineering computing;field programmable gate arrays;reconfigurable architectures;software libraries;system buses;FPGA bitstream manipulation;Java library;USB;public documentation;reconfigurable hardware;slipway reference design;Circuits;Documentation;Fabrics;Field programmable gate arrays;Hardware;Libraries;Manufacturing;Routing;Table lookup;Wires}, 
	doi={10.1109/FCCM.2007.60}, 
	month={April},}
@INPROCEEDINGS{bitStreamToNetlist, 
	author={J.B.~Note and E.~Rannaud}, 
	booktitle={the International Symposium on Field Programmable Gate Arrays (FPGA)}, 
	title={From the bitstream to the netlist}, 
	year={2008}}
@INPROCEEDINGS{ringOscillatorMethod, 
	author={P.~Kitsos and A.~G.~Voyiatzis}, 
	booktitle={Digital System Design (DSD), 2014 17th Euromicro Conference on}, 
	title={FPGA Trojan Detection Using Length-Optimized Ring Oscillators}, 
	year={2014}, 
	pages={675-678}, 
	keywords={application specific integrated circuits;circuit optimisation;field programmable gate arrays;invasive software;logic design;oscillators;ASIC;FPGA Trojan detection;FPGA systems;RO length;field programmable gate arrays;hardware Trojan horses;length-optimized ring oscillators;malicious hardware functionality;malicious logic;power profile;Ciphers;Conferences;Field programmable gate arrays;Hardware;Ring oscillators;Table lookup;Trojan horses;FPGA;Trojan detection;hardware Trojan horse;ring oscillators;security}, 
	doi={10.1109/DSD.2014.74}, 
	month={Aug},}
@INPROCEEDINGS{bilToolChain, 
	author={F.~Benz and A.~Seffrin and S.~A.~Huss}, 
	booktitle={22nd International Conference on Field Programmable Logic and Applications (FPL)}, 
	title={Bil: A tool-chain for bitstream reverse-engineering}, 
	year={2012}, 
	pages={735-738}, 
	keywords={field programmable gate arrays;logic design;query processing;reverse engineering;BIL tool-chain;FPGA structure;Xilinx FPGA bitstream security;Xilinx design flow;bitfile interpretation library;bitstream reverse-engineering;database querying;device-specific netlists;mapping database;resource database;textual device description;Algorithm design and analysis;Correlation;Databases;Field programmable gate arrays;Security;Tiles;Wires}, 
	doi={10.1109/FPL.2012.6339165}, 
	ISSN={1946-147X}, 
	month={Aug},}

@INPROCEEDINGS{crcDetection, 
	author={A.~Al-Anwar and Y.~Alkabani and M.~W.~El-Kharashi and H.~Bedour}, 
	booktitle={Communications, Computers and Signal Processing (PACRIM), 2013 IEEE Pacific Rim Conference on}, 
	title={Hardware Trojan detection methodology for FPGA}, 
	year={2013}, 
	pages={177-182}, 
	keywords={field programmable gate arrays;invasive software;CRC Trojan detection schema;FPGA;golden chip;hardware Trojan detection methodology;horizontal silicon industry business model;infected IP;multiplexing reconfigurable IP;security properties;Delays;Detectors;Field programmable gate arrays;Hardware;IP networks;Multiplexing;Trojan horses}, 
	doi={10.1109/PACRIM.2013.6625470}, 
	ISSN={1555-5798}, 
	month={Aug},}
@manual{xilnxDevManual,
	title={Development System Reference Guide},
	organization={Xilinx},
	edition={v10.1},
	month={Jan},
	year={2008}	
}
@manual{virtex5ConfigGuide,
	title={Virtex-5 FPGA Configuration User	Guide},
	organization={Xilinx},
	edition={v3.11},
	month={Oct},
	year={2012}
}
@INPROCEEDINGS{iscas85, 
	author={F.~Brglez, and D.~Bryan and K.~Kozminski}, 
	booktitle={Circuits and Systems, 1989., IEEE International Symposium on}, 
	title={Combinational profiles of sequential benchmark circuits}, 
	year={1989}, 
	month={May}, 
	pages={1929-1934 vol.3}, 
	keywords={flip-flops;logic testing;sequential circuits;D-type flip-flops;asynchronous behavior;digital sequential circuits;full-scan-mode configuration;gate level;interior faults;partial scan techniques;scan-based test generation;sequential benchmark circuits;sequential test generation;standard functional model;testability profile;Automatic test pattern generation;Benchmark testing;Circuit faults;Circuit synthesis;Circuit testing;Combinational circuits;Computational modeling;Flip-flops;Sequential analysis;Test pattern generators}, 
	doi={10.1109/ISCAS.1989.100747},}
@INPROCEEDINGS{rapidSmith, 
	author={C.~Lavin and M.~Padilla and J.~Lamprecht and P.~Lundrigan and B.~Nelson and B.~Hutchings}, 
	booktitle={2011 21st International Conference on Field Programmable Logic and Applications}, 
	title={RapidSmith: Do-It-Yourself CAD Tools for Xilinx FPGAs}, 
	year={2011}, 
	pages={349-355}, 
	keywords={CAD;electronic engineering computing;field programmable gate arrays;API;CAD Tools;XDL;Xilinx FPGA;Xilinx design language;commercial architectures;hypothetical architectures;Data structures;Databases;Design automation;Field programmable gate arrays;Routing;Tiles;Wires;CAD Tools;FPGA;Open Source;Placer;Rapid Prototyping;RapidSmith;Router;XDL;Xilinx}, 
	doi={10.1109/FPL.2011.69}, 
	ISSN={1946-147X}, 
	month={Sept},}
@misc{rapidSmithManual,
	author= {C.~Lavin and M.~Padilla and J.~Lamprecht and P.~Lundrigan and B.~Nelson and B.~Hutchings, M.~Wirthlin}, 
	title        = {RapidSmith: A Library for Low-level Manipulation of Partially Placed-and-Routed FPGA Designs},
	howpublished = {NSF Center for High Performance Reconfigurable Computing (CHREC) Department of Electrical and Computer Engineering Brigham Young University},
	month        = 1,
	year         = 2014
}


@INPROCEEDINGS{hardwareTrojanSurvey2015, 
	author={H.~Li and Q.~Liu and J.~Zhang and Y.~Lyu}, 
	booktitle={2015 14th International Conference on Computer-Aided Design and Computer Graphics (CAD/Graphics)}, 
	title={A Survey of Hardware Trojan Detection, Diagnosis and Prevention}, 
	year={2015}, 
	pages={173-180}, 
	keywords={invasive software;safety;HT attacks;HT defense;HT detection;IC design cycle;IC market model;countermeasures;hardware Trojan detection;internal sensitive data;potential HT threats;safety hazards;Foundries;Hardware;IP networks;Integrated circuit modeling;Security;Trojan horses;Hardware Trojan detection;IC market model;hardware Trojan diagnosis;hardware Trojan prevention}, 
	doi={10.1109/CADGRAPHICS.2015.41}, 
	month={Aug},
}
@INPROCEEDINGS{taxonomy1, 
	author={F.~Wolff and C.~Papachristou and S.~Bhunia and R.~S.~Chakraborty}, 
	booktitle={2008 Design, Automation and Test in Europe}, 
	title={Towards Trojan-Free Trusted ICs: Problem Analysis and Detection Scheme}, 
	year={2008}, 
	pages={1362-1365}, 
	keywords={integrated circuit manufacture;invasive software;semiconductor device manufacture;chip manufacturing processes;detection scheme;microchips security;problem analysis;trojan detection;Aerospace electronics;Circuits;Communication industry;Costs;Hardware;Invasive software;Manufacturing processes;Military communication;Outsourcing;Security}, 
	doi={10.1109/DATE.2008.4484928}, 
	ISSN={1530-1591}, 
	month={March},
	}
	
@INPROCEEDINGS{taxonomy2, 
	author={R.~M.~Rad and X.~Wang and M.~Tehranipoor and J.~Plusquellic}, 
	booktitle={2008 IEEE/ACM International Conference on Computer-Aided Design}, 
	title={Power supply signal calibration techniques for improving detection resolution to hardware Trojans}, 
	year={2008}, 
	pages={632-639}, 
	keywords={invasive software;power supply circuits;Trojan classification taxonomy;chip design;detection resolution;hardware Trojans;power supply signal calibration;power supply transient signals;process environment variation;test environment variation;Calibration;Chip scale packaging;Fabrication;Globalization;Hardware;Power supplies;Signal analysis;Signal resolution;Taxonomy;Weapons}, 
	doi={10.1109/ICCAD.2008.4681643}, 
	ISSN={1092-3152}, 
	month={Nov},
}

@ARTICLE{taxonomy3, 
	author={R.~Karri and J.~Rajendran and K.~Rosenfeld and M.~Tehranipoor}, 
	journal={Computer}, 
	title={Trustworthy Hardware: Identifying and Classifying Hardware Trojans}, 
	year={2010}, 
	volume={43}, 
	number={10}, 
	pages={39-46}, 
	keywords={invasive software;critical systems;hardware Trojan taxonomy;trustworthy hardware;Hardware;Security;Trojan horses;Design and test;Hardware Trojans;Hardware security and trust;Security and privacy}, 
	doi={10.1109/MC.2010.299}, 
	ISSN={0018-9162}, 
	month={Oct},
}

@INPROCEEDINGS{taxonomy4, 
	author={X.~Wang and M.~Tehranipoor and J.~Plusquellic}, 
	booktitle={Hardware-Oriented Security and Trust, 2008. HOST 2008. IEEE International Workshop on}, 
	title={Detecting malicious inclusions in secure hardware: Challenges and solutions}, 
	year={2008}, 
	pages={15-19}, 
	keywords={integrated circuit reliability;microprocessor chips;security of data;IC fabrication;catastrophic failure;functional changes;hardware Trojans;integrated circuits security;low-cost foundries;malicious alterations;malicious inclusions detecting;secure hardware;Cryptography;Degradation;Design methodology;Fabrication;Foundries;Hardware;Information security;Safety;Signal design;Taxonomy}, 
	doi={10.1109/HST.2008.4559039}, 
	month={June},
}

@ARTICLE{samerAttribute, 
	author={S.~Moein and T.~A. Gulliver and F.~Gebali and A.~Alkandari}, 
	journal={IEEE Access}, 
	title={A New Characterization of Hardware Trojans}, 
	year={2016}, 
	volume={4}, 
	pages={2721--2731}, 
	
}
@INPROCEEDINGS{samerClassDetection, 
	author={S.~Moein and J.~Subramnian and T.~A.~Gulliver and F.~Gebali and M.~W.~El-Kharashi}, 
	booktitle={Computer Engineering Systems (ICCES), 2015 Tenth International Conference on}, 
	title={Classification of hardware trojan detection techniques}, 
	year={2015}, 
	pages={357-362}, 
	keywords={integrated circuit manufacture;invasive software;hardware trojan classification;hardware trojan detection technique;hardware trojan identification;Delays;Hardware;Integrated circuits;Monitoring;Power demand;Testing;Trojan horses}, 
	doi={10.1109/ICCES.2015.7393075}, 
	month={Dec},
}

@ARTICLE{trojanSurvey2014, 
	author={N.~Jacob and D.~Merli and J.~Heyszl and G.~Sigl}, 
	journal={IET Computers Digital Techniques}, 
	title={Hardware Trojans: current challenges and approaches}, 
	year={2014}, 
	volume={8}, 
	number={6}, 
	pages={264-273}, 
	keywords={integrated circuits;invasive software;Hardware Trojans;IC development chain;IP;Trojan detection techniques;Trojan insertion;cost reduction;detection techniques;intellectual properties;manufacturers outsource parts}, 
	doi={10.1049/iet-cdt.2014.0039}, 
	ISSN={1751-8601}, 
	month={},
}

@INPROCEEDINGS{fpgaTrojanSurvey2014, 
	author={J.~Zhang and G.~Qu}, 
	booktitle={Field-Programmable Technology (FPT), 2014 International Conference on}, 
	title={A survey on security and trust of FPGA-based systems}, 
	year={2014}, 
	pages={147-152}, 
	keywords={field programmable gate arrays;security;FPGA supply and demand;FPGA-based systems;security problems;trust problems;Encryption;Field programmable gate arrays;Hardware;IP networks;Trojan horses;Watermarking}, 
	doi={10.1109/FPT.2014.7082768}, 
	month={Dec},
}
@ARTICLE{killSwitch, 
	author={S.~Adee}, 
	journal={IEEE Spectrum}, 
	title={The Hunt For The Kill Switch}, 
	year={2008}, 
	volume={45}, 
	number={5}, 
	pages={34-39}, 
	keywords={integrated circuit design;military equipment;Defense Advanced Research Projects Agency;DoD;Pentagon R&D;defense contractor;electronic circuits;integrated circuits program;microelectronics;military equipment;Adders;Aerospace electronics;Circuits;Control systems;Manufacturing;Microprocessors;Military equipment;Radar;Switches;US Department of Defense}, 
	doi={10.1109/MSPEC.2008.4505310}, 
	ISSN={0018-9235}, 
	month={May},}

@misc{iscasBenchmarks,
	title = {Collection of Digital Design Benchmarks},
	howpublished = {http://ddd.fit.cvut.cz/prj/Benchmarks/},
	note = {Accessed: 2016-10-24},
}
@misc{trusthubWebsite,
	title = {Trust-Hub.org},
	howpublished = {http://trust-hub.org/},
	note = {Accessed: 2016-10-24},
}

@INPROCEEDINGS{trustHubPaper, 
	author={H.~Salmani and M.~Tehranipoor and R.~Karri}, 
	booktitle={2013 IEEE 31st International Conference on Computer Design (ICCD)}, 
	title={On design vulnerability analysis and trust benchmarks development}, 
	year={2013}, 
	pages={471-474}, 
	keywords={invasive software;trusted computing;Trojan activation quantification;Trojan detectability metric;Trojan detection;Trojan effect quantification;Trojan prevention;design vulnerability analysis;extensive functional test analysis;hardware security;production test;strength analysis;trust benchmark development;vulnerability analysis flow;weakness analysis;Benchmark testing;Capacitance;Delays;Hardware;Logic gates;Trojan horses}, 
	doi={10.1109/ICCD.2013.6657085}, 
	ISSN={1063-6404}, 
	month={Oct},}

@INPROCEEDINGS{xdlTutorial, 
	author={C.~Beckhoff and D.~Koch and J.~Torresen}, 
	booktitle={Reconfigurable Communication-centric Systems-on-Chip (ReCoSoC), 2011 6th International Workshop on}, 
	title={The Xilinx Design Language (XDL): Tutorial and use cases}, 
	year={2011}, 
	pages={1-8}, 
	keywords={field programmable gate arrays;hardware description languages;FPGA primitives;XDL;Xilinx design language;routing fabric}, 
	doi={10.1109/ReCoSoC.2011.5981545}, 
	month={June},}
@INPROCEEDINGS{regionBasedApproach, 
	author={M.~Banga and M.~S.~Hsiao}, 
	booktitle={Hardware-Oriented Security and Trust, 2008. HOST 2008. IEEE International Workshop on}, 
	title={A region based approach for the identification of hardware Trojans}, 
	year={2008}, 
	pages={40-47}, 
	keywords={invasive software;system-on-chip;SoC fabrication units;circuit partition based approach;hardware Trojan identification;side-channel analysis;Built-in self-test;Circuit testing;Costs;Fabrication;Foundries;Hamming distance;Hardware;Manufacturing processes;Monitoring;Viruses (medical)}, 
	doi={10.1109/HST.2008.4559047}, 
	month={June},}
@INPROCEEDINGS{thirdPartyLogistics, 
	author={B.~N.~Hwang and M.~H.~Chen}, 
	booktitle={Service Operations and Logistics, and Informatics (SOLI), 2013 IEEE International Conference on}, 
	title={Key selection criteria for third party logistics in the IC manufacturing industry}, 
	year={2013}, 
	pages={445-449}, 
	keywords={cost reduction;logistics;outsourcing;problem solving;semiconductor industry;supply chain management;IC industry disintegration;IC manufacturing industry;TPL providers;Taiwan;continuous cost reduction;cost control;document accuracy;globalization;key selection criteria;outsourcing;problem solving capability;supply chain management;third party logistics;value-added services provision;Companies;Integrated circuits;Manufacturing;Manufacturing industries;Supply chains;IC Manufacturing Industry;Supply Chain Management;Third Party Logistics (TPL)}, 
	doi={10.1109/SOLI.2013.6611456}, 
	month={July},}
