@INPROCEEDINGS{taxonomy1, 
	author={F. Wolff and C. Papachristou and S. Bhunia and R. S. Chakraborty}, 
	booktitle={2008 Design, Automation and Test in Europe}, 
	title={Towards Trojan-Free Trusted ICs: Problem Analysis and Detection Scheme}, 
	year={2008}, 
	pages={1362-1365}, 
	keywords={integrated circuit manufacture;invasive software;semiconductor device manufacture;chip manufacturing processes;detection scheme;microchips security;problem analysis;trojan detection;Aerospace electronics;Circuits;Communication industry;Costs;Hardware;Invasive software;Manufacturing processes;Military communication;Outsourcing;Security}, 
	doi={10.1109/DATE.2008.4484928}, 
	ISSN={1530-1591}, 
	month={March},
	}
	
@INPROCEEDINGS{taxonomy2, 
	author={R. M. Rad and X. Wang and M. Tehranipoor and J. Plusquellic}, 
	booktitle={2008 IEEE/ACM International Conference on Computer-Aided Design}, 
	title={Power supply signal calibration techniques for improving detection resolution to hardware Trojans}, 
	year={2008}, 
	pages={632-639}, 
	keywords={invasive software;power supply circuits;Trojan classification taxonomy;chip design;detection resolution;hardware Trojans;power supply signal calibration;power supply transient signals;process environment variation;test environment variation;Calibration;Chip scale packaging;Fabrication;Globalization;Hardware;Power supplies;Signal analysis;Signal resolution;Taxonomy;Weapons}, 
	doi={10.1109/ICCAD.2008.4681643}, 
	ISSN={1092-3152}, 
	month={Nov},
}

@ARTICLE{taxonomy3, 
	author={R. Karri and J. Rajendran and K. Rosenfeld and M. Tehranipoor}, 
	journal={Computer}, 
	title={Trustworthy Hardware: Identifying and Classifying Hardware Trojans}, 
	year={2010}, 
	volume={43}, 
	number={10}, 
	pages={39-46}, 
	keywords={invasive software;critical systems;hardware Trojan taxonomy;trustworthy hardware;Hardware;Security;Trojan horses;Design and test;Hardware Trojans;Hardware security and trust;Security and privacy}, 
	doi={10.1109/MC.2010.299}, 
	ISSN={0018-9162}, 
	month={Oct},
}

@INPROCEEDINGS{taxonomy4, 
	author={Xiaoxiao Wang and M. Tehranipoor and J. Plusquellic}, 
	booktitle={Hardware-Oriented Security and Trust, 2008. HOST 2008. IEEE International Workshop on}, 
	title={Detecting malicious inclusions in secure hardware: Challenges and solutions}, 
	year={2008}, 
	pages={15-19}, 
	keywords={integrated circuit reliability;microprocessor chips;security of data;IC fabrication;catastrophic failure;functional changes;hardware Trojans;integrated circuits security;low-cost foundries;malicious alterations;malicious inclusions detecting;secure hardware;Cryptography;Degradation;Design methodology;Fabrication;Foundries;Hardware;Information security;Safety;Signal design;Taxonomy}, 
	doi={10.1109/HST.2008.4559039}, 
	month={June},
}
@INPROCEEDINGS{samerAttribute, 
	author={S. Moein and S. Khan and T. A. Gulliver and F. Gebali and M. W. El-Kharashi}, 
	booktitle={Computer Engineering Systems (ICCES), 2015 Tenth International Conference on}, 
	title={An attribute based classification of hardware trojans}, 
	year={2015}, 
	pages={351-356}, 
	keywords={integrated circuit manufacture;invasive software;attribute based classification;chip production life-cycle;comprehensive attribute taxonomy;hardware trojans;semiconductor chip;trojan insertion;Fabrication;Hardware;Integrated circuits;Production;Taxonomy;Testing;Trojan horses}, 
	doi={10.1109/ICCES.2015.7393074}, 
	month={Dec},
}

@INPROCEEDINGS{samerClassDetection, 
	author={S. Moein and J. Subramnian and T. A. Gulliver and F. Gebali and M. W. El-Kharashi}, 
	booktitle={Computer Engineering Systems (ICCES), 2015 Tenth International Conference on}, 
	title={Classification of hardware trojan detection techniques}, 
	year={2015}, 
	pages={357-362}, 
	keywords={integrated circuit manufacture;invasive software;hardware trojan classification;hardware trojan detection technique;hardware trojan identification;Delays;Hardware;Integrated circuits;Monitoring;Power demand;Testing;Trojan horses}, 
	doi={10.1109/ICCES.2015.7393075}, 
	month={Dec},
}

@ARTICLE{trojanSurvey2014, 
	author={N. Jacob and D. Merli and J. Heyszl and G. Sigl}, 
	journal={IET Computers Digital Techniques}, 
	title={Hardware Trojans: current challenges and approaches}, 
	year={2014}, 
	volume={8}, 
	number={6}, 
	pages={264-273}, 
	keywords={integrated circuits;invasive software;Hardware Trojans;IC development chain;IP;Trojan detection techniques;Trojan insertion;cost reduction;detection techniques;intellectual properties;manufacturers outsource parts}, 
	doi={10.1049/iet-cdt.2014.0039}, 
	ISSN={1751-8601}, 
	month={},
}

@INPROCEEDINGS{fpgaTrojanSurvey2014, 
	author={J. Zhang and G. Qu}, 
	booktitle={Field-Programmable Technology (FPT), 2014 International Conference on}, 
	title={A survey on security and trust of FPGA-based systems}, 
	year={2014}, 
	pages={147-152}, 
	keywords={field programmable gate arrays;security;FPGA supply and demand;FPGA-based systems;security problems;trust problems;Encryption;Field programmable gate arrays;Hardware;IP networks;Trojan horses;Watermarking}, 
	doi={10.1109/FPT.2014.7082768}, 
	month={Dec},
}

